% !TEX TS-program = XeLaTeX
% !TEX encoding = UTF-8 Unicode

@BOOK{AAPO01,
  AUTHOR =       {Aapo Hyvärinen and Juha Karhunen and Erkki Oja},
  TITLE =        {Independent Component Analysis},
  PUBLISHER =    {John Wiley \& Sons, Inc.},
  YEAR =         {2001},
  ADDRESS =      {U.S.},
  language= 	 {c},
}

@BOOK{BSS06,
  AUTHOR =       {张发启 and 张斌 and 张喜斌},
  TITLE =        {盲信号处理及应用},
  PUBLISHER =    {西安电子科技大学出版社},
  YEAR =         {2006},
  MONTH =        {10},
  ADDRESS = 	 {西安},
  language= 	 {c},
}

@BOOK{DEFORM03,
  AUTHOR =       {黄声享 and 尹晖 and 蒋征},
  TITLE =        {变形监测数据处理},
  PUBLISHER =    {武汉大学出版社},
  ADDRESS =      {武汉},
  YEAR =         {2006},
  MONTH =        {10},
  language= 	 {c},
}

@BOOK{PEARSON,
  AUTHOR =       {WikiPedia},
  TITLE =        {相关},
  PUBLISHER =    {http://zh.wikipedia.org/wiki/相关},
  year= {2006},
  ADDRESS = {WikiPedia}
  language= 	 {c},
}

@BOOK{DEFOR07,
  AUTHOR =       {张正禄 and 黄全义 and 文鸿雁 and 邓跃进},
  TITLE =        {工程的变形监测分析与预报},
  PUBLISHER =    {测绘出版社},
  ADDRESS =      {北京},
  YEAR =         {2007},
  MONTH =        {11},
  language= 	 {c},
}

@article{SHEN-QINGXIONG-CAMEAR ,
language = {chi},
author = {沈庆雄},
title = {工程摄影测量中交向摄影的精度分析},
journal = {测绘科学},
volume = {34},
year = {2009},
pages = {3},
keywords = {正直摄影 摄影方式 交向摄影},
abstract = {本文从理论上推导了工程摄影测量中交向摄影方式各元素影响物点坐标精度的严密公式,并根据理论分析的结果,采用先进的数码相机和量测相机进行了一定的试验,在仔细分析试验结果的基础上,找出了工程摄影测量中交向摄影最佳的交向角、摄影基线、摄影距离和摄影比例尺等参数,对物点坐标总精度的影响规律.实际作业中,要使最佳交向摄影方式获得最理想的点位精度,所总结出的结论是可行的.},
}

@article{LIZHONG-CAMEAR ,
language = {chi},
author = {李仲},
title = {地面摄影测量在井架变形监测中的应用研究},
journal = {测绘科学},
volume = {35},
year = {2010},
pages = {4},
keywords = {摄影测量 变形监测 井架 控制点 photogrammetry deformation monitoring well shelf control point},
abstract = {本文简述了井架变形监测的几种方法,重点讨论了井架变形监测的地面摄影测量方法.通过对武钢程潮铁矿和山西省浮山北峰铁矿主井井架变形监测的试验,阐述了井架变形监测中摄影标志设计、摄影站选择、摄影方式的安排、现场摄影与摄影处理以及像片量测等环节的主要问题,同时利用光束法平差程序,计算分析了三种方案,即利用6个控制点的平差计算分析,利用4个控制点的平差计算分析和没有控制点的平差计算分析,结果表明,前两种方案的精度较高,第三种方案的精度稍差,但三种方案的计算结果均能满足井架变形监测的精度要求,说明采用地面摄影测量方法进行井架变形监测是可行的,值得在实际工程中推广应用.},
}

@article{GU-GAO-QIU-CAMEAR ,
language = {chi},
author = {顾峰华 and 高井祥 and 仇春平},
title = {近景摄影测量监测小变形体的误差分析与精度评定},
journal = {矿山测量},
year = {2005},
pages = {4},
keywords = {摄影测量 误差分析 变形监测 精度评定},
abstract = {文中从变形监测的特点着手,通过误差分析和精度评定,从理论上论述了应用摄影测量手段监测变形的可行性,并得出了应用摄影测量手段监测变形可行的结论.},
}

@article{LU-HUANG-LI-CAMEAR ,
language = {chi},
author = {卢成静 and 黄桂平 and 李广云},
title = {数字摄影测量用于天线热变形测量的精度测试},
journal = {测绘通报},
year = {2007},
pages = {3},
keywords = {数字近景摄影测量 天线热变形 遮挡 精度测试},
abstract = {根据某航天产品的天线在热真空试验过程中进行天线热变形测量的要求,利用高精度数字近景摄影测量技术,在实验室对天线面板及遮挡情况进行模拟试验,测试了天线面板在遮挡情况下的平面度,与经纬仪测量系统测量的结果相比,差值小于±0.05 mm,验证了摄影测量方法用于此种测量的可行性.},
}

@article{RTP-CAMEAR ,
language = {English},
title = {Evaluation of the geometric stability and the accuracy potential of digital cameras - Comparing mechanical stabilisation versus parameterisation},
journal = {ISPRS Journal of Photogrammetry and Remote Sensing},
author = {Rieke-Zapp, D. and Tecklenburg, W. and Peipe, J. and Hastedt, H. and Haig, Claudia},
volume = {64},
number = {3},
year = {2009},
pages = {248 - 258},
issn = {09242716},
address = {P.O. Box 211, Amsterdam, 1000 AE, Netherlands},
abstract = {Recent tests on the geometric stability of several digital cameras that were not designed for photogrammetric applications have shown that the accomplished accuracies in object space are either limited or that the accuracy potential is not exploited to the fullest extent. A total of 72 calibrations were calculated with four different software products for eleven digital camera models with different hardware setups, some with mechanical fixation of one or more parts. The calibration procedure was chosen in accord to a German guideline for evaluation of optical 3D measuring systems [VDI/VDE, VDI/VDE 2634 Part 1, 2002. Optical 3D Measuring Systems-Imaging Systems with Point-by-point Probing. Beuth Verlag, Berlin]. All images were taken with ringflashes which was considered a standard method for close-range photogrammetry. In cases where the flash was mounted to the lens, the force exerted on the lens tube and the camera mount greatly reduced the accomplished accuracy. Mounting the ringflash to the camera instead resulted in a large improvement of accuracy in object space. For standard calibration best accuracies in object space were accomplished with a Canon EOS 5D and a 35&nbsp;mm Canon lens where the focusing tube was fixed with epoxy (47 &nbsp;&mu;m maximum absolute length measurement error in object space). The fixation of the Canon lens was fairly easy and inexpensive resulting in a sevenfold increase in accuracy compared with the same lens type without modification. A similar accuracy was accomplished with a Nikon D3 when mounting the ringflash to the camera instead of the lens (52 &nbsp;&mu;m maximum absolute length measurement error in object space). Parameterisation of geometric instabilities by introduction of an image variant interior orientation in the calibration process improved results for most cameras. In this case, a modified Alpa 12 WA yielded the best results (29 &nbsp;&mu;m maximum absolute length measurement error in object space). Extending the parameter model with FiBun software to model not only an image variant interior orientation, but also deformations in the sensor domain of the cameras, showed significant improvements only for a small group of cameras. The Nikon D3 camera yielded the best overall accuracy (25 &nbsp;&mu;m maximum absolute length measurement error in object space) with this calibration procedure indicating at the same time the presence of image invariant error in the sensor domain. Overall, calibration results showed that digital cameras can be applied for an accurate photogrammetric survey and that only a little effort was sufficient to greatly improve the accuracy potential of digital cameras. &copy; 2008 International Society for Photogrammetry and Remote Sensing, Inc. (ISPRS).},
key = {Three dimensional},
keywords = {Calibration;Cameras;Digital cameras;Lenses;Measurements;Mountings;Optical instruments;Optoelectronic devices;Photogrammetry;Potential flow;Sensors;Structures (built objects);System stability;Thickness measurement;Video cameras;},
note = {Absolute length measurements;Accuracy assessment;Calibration procedures;Calibration process;Camera calibration;Close-range photogrammetries;Geometric instabilities;Geometric stability;Image invariants;Interior orientations;Measuring systems;Mechanical fixations;Object spaces;Parameter models;Parameterisation;Sensor domains;Small groups;Software products;Stabilisation;Standard calibrations;Standard methods;},
URL = {http://dx.doi.org/10.1016/j.isprsjprs.2008.09.010},
} 

@article{HE-XIAOYE-STATIC ,
language = {chi},
author = {何晓业 and 黄开席 and 陈森玉 and 刘祖平 and 赵营海},
title = {一种用于高能加速器高程监测的静力水准系统},
journal = {核技术},
volume = {30},
year = {2007},
pages = {5},
keywords = {静力水准系统 高程监测 CCD},
abstract = {本文介绍一种高精度静力水准系统的设计,主要用于电子加速器等大型科学装置中的相对高程监测,也可用于其他大型设备和建筑中.文中重点讨论了静力水准系统在设计和使用过程中的考虑因素,包括钵体之间压力和温度差异对测量的影响、液体的选择和气泡对测量的影响等,还讨论了系统在使用过程中需解决的问题.},
}

@article{LINQIN-STATIC ,
language = {chi},
author = {林勤},
title = {水口大坝液体静力水准监测系统改造及运行情况},
journal = {大坝观测与土工测试},
volume = {25},
year = {2001},
pages = {2},
keywords = {水口 液体静力水准监测系统 更新改造 自动化 运行},
abstract = {介绍水口大坝液体静力水准监测系统更新改造方案及实施、运行情况。},
}

@conference{LIU-WU-LEVEL ,
language = {chi},
author = {刘大文 and 吴鹏举},
title = {利用连续倒垂线加双金属标代替正垂线及高程传递仪的探讨},
year = {2010},
abstract = {主要阐述了利用连续倒垂加双金属标代替通常采用的正垂线加高程传递仪的设计理论、布置方法的可行性。},
booktitle = {全国大坝安全监测技术信息网第七届全网大会暨2010年学术交流研讨会论文集},
}

@article{HUWHH-SCANNER ,
language = {chi},
author = {胡勇 and 王从军 and 韩明 and 黄树槐},
title = {基于计算机视觉的三维激光扫描测量系统},
journal = {华中科技大学学报(自然科学版)},
volume = {32},
year = {2004},
pages = {3},
keywords = {计算机视觉 激光扫描 逆向工程},
abstract = {介绍了基于计算机视觉三维激光扫描测量系统.该系统主要由双目视觉测量探头、图像采集卡、扫描机构及其控制部分组成.通过两个摄像机同时摄取一个扫描激光光条的图像,经图像匹配,利用视差,可计算得到光条上所有点的位置以及深度,即被扫描物体表面的三维信息.就系统中的摄像机标定、图像采集、特征提取、图像匹配及三维信息恢复等主要工作过程进行了论述.},
}

@article{XUWANG-SCANNER ,
language = {chi},
author = {徐进军 and 王海城 and 罗喻真 and 王尚庆 and 严学清},
title = {基于三维激光扫描的滑坡变形监测与数据处理},
journal = {岩土力学},
volume = {31},
year = {2010},
keywords = {三维激光扫描 滑坡监测 变形计算 变形分析},
abstract = {地面三维激光扫描技术可以高精度、高密度、高速度地测量物体表面三维空间坐标,从而详细描述表面细部状况.它已经在静态形状测量中获得了成功的应用.目前,滑坡地表变形分析主要是采用GPS或全站仪测量的少量特征点来进行,缺乏整体变形资料.但滑坡变形体的诸多细节变化对正确的变形分析有着重要的作用,将该技术引入到滑坡变形监测与分析中,可充分利用滑坡体上的大量点自然地物作为监测点,来完整监测和分析其变形.作为一项新的研究内容,文章对此进行了相应的理论分析与实际测量,获得了初步满意的结果.},
}

@article{GUIZHCH-GEOROBOT ,
language = {chi},
author = {贵慧宏 and 张锦 and 陈永剑},
title = {基于GTS901A的测量机器人变形监测自动化软件的开发},
journal = {测绘科学},
volume = {35},
year = {2010},
keywords = {变形监测 测量机器人 GTS901A 坐标类型},
abstract = {本文简要介绍了国内外知名的自动化监测系统和测量机器人产品,阐述了测量机器人在当代变形自动化监测中的重要性.通过分析测量机器人的自动化作业流程,定义了测量机器人通用类,并且对测量机器人自动化监测软件开发过程中所涉及的不同坐标类型进行了介绍;最后以拓普康公司的GTS901A测量机器人为例,实例化测量机器人通用类,获取GTS901A测量机器人对象,开发了GTS901A变形监测自动化软件(GROMA,GeoRobot Online Automatic Deformation Monitoring software),并完成现场测试.},
}

@article{HANLI-LEVELBOT ,
language = {chi},
author = {韩贤权 and 李端有 and 谭勇 and 邹双朝},
title = {数字水准仪自动化监测系统在大坝变形监测中的应用},
journal = {测绘科学},
volume = {35},
year = {2010},
keywords = {数字水准仪 变形监测 应用 digital level deformation monitoring application},
abstract = {针对大坝变形监测中传统水准测量的不足之处,提出了升级改造现有设备达到自动化监测目的的想法,简述了数字水准仪自动化监测系统的工作原理以及工作流程.以改造后的数字水准仪自动化监测系统用于湖北白莲河水库垂直位移自动化监测为例,对其自动化监测过程进行了深入的研究.},
}

@article{FENG-LI-TRANS ,
language = {chi},
author = {冯俊德 and 李建国 and 胡明鉴 and 汪稔},
title = {岩土工程数码监测无线传输方法及其装置},
journal = {岩土力学},
volume = {30},
year = {2009},
pages = {5},
keywords = {数码监测 无线传输 方法 装置},
abstract = {变形监测在工程、施工、运行各阶段均发挥着重要的作用,是确保岩土工程施工、运行安全必不可少的技术措施,是完善岩土工程设计方法的关键性环节和施工、运行技术决策的重要依据.传统的人工监测方法费时费力且监测频次和结果均难以保证.一种基于公用电话网和GPRS网络的数码监测无线传输方法及其装置,通过基于公用电话网的数据采集通信设备,由主控计算机通过无线传输配套软件,设置、控制监测现场的数据采集仪,并将监测结果通过GPRS网络无线传输至主控计算机,从而实现无人值守条件下的岩土工程变形数码遥测.该装置结构简单、精度和自动化程度高、误码率底、稳定性好,监测结果也更为准确、稳定、直观,使岩土工程变形监测不再艰苦和繁重,尤其适用于环境艰苦、条件恶劣等地的自动化遥测.},
}

@inproceedings{2002287011810 ,
language = {English},
copyright = {Compilation and indexing terms, Copyright 2011 Elsevier Inc.},
copyright = {Compendex},
title = {A novel cost-effective multi-path adaptive interpolated FIR (IFIR)-based echo canceller},
journal = {Proceedings - IEEE International Symposium on Circuits and Systems},
author = {Wu, Cheng-Shing and Wu, An-Yeu Andy},
volume = {5},
year = {2002},
pages = {V/453 - V/456},
issn = {02714310},
address = {Phoenix, AZ, United states},
abstract = {In this paper, a multi-path adaptive interpolated FIR (AIFIR)-based echo canceller is presented to perform the echo cancellation in full-duplex digital transmission over DSL. The proposed multipath approach inherits the concept of AIFIR-based echo canceller, where the long tail portion is modelled by an adaptive sparse FIR filter. A multi-path structure is addressed to break the inherent design tradeoffs in the conventional AIFIR-based echo canceller. More than one adaptive IFIR filters, modelling the their corresponding tail portions of echo path, are employed. Also, an efficient implementation of the Image Compress Filter (ICF) is provided to reduce the complexity in performing the function of multi-ICFs. In addition, we apply the proposed scheme to the design of echo canceller in SHDSL transceiver. Computer simulations show that the flexible multi-path AIFIR-based echo canceller can reduce 20% computational complexity compared with previous works. About 60% complexity saving is obtained compared with the direct transversal implementation of echo canceller.},
key = {Echo suppression},
keywords = {Computational complexity;Computer simulation;Digital communication systems;FIR filters;Transceivers;},
note = {Echo canceller;Image compress filter;},
URL = {http://dx.doi.org/10.1109/ISCAS.2002.1010738},
} 

@article{MAWANG-BP ,
language = {chi},
author = {马丽霞 and 王凤艳 and 陈剑平},
title = {基于人工神经网络的大坝变形分析与预报——以西津大坝27\#点的变形监测为例},
journal = {吉林大学学报（地球科学版）},
volume = {39},
year = {2009},
pages = {5},
keywords = {大坝变形预报 BP网络 逐步回归},
abstract = {以MATLAB语言为基础,应用BP神经网络、逐步回归分析进行西津大坝27\#点的变形分析与预报研究.在此基础上,进一步提出了逐步回归BP神经网络组合的预报方法,并探讨了3种方法的预报结果.研究表明,BP神经网络用于大坝变形分析与预报是可行的,所提出的逐步回归BP神经网络组合法提高了变形影响因子选择的科学性,在预报效果上,优于前两种方法.},
}

@conference{YINHUI-GREY ,
language = {chi},
author = {尹晖 and 张琰},
title = {多因子关联分析模型及其同步预测的新方法},
year = {1997},
keywords = {多因子 关联分析 同步预测 工程测量},
abstract = {基于灰色系统理论的灰关联分析方法，提出了多因子关联分析的ＧＭ（１，Ｎ）模型。根据系统因子发展态势的相似性与接近性，对无法实测的部分变形点实施同步预测。实例分析表明方法具有良好的可实现性、简单、有效。是继多元线性回归用于变形成因分析与预测的又一途径。},
booktitle = {'97工程测量综合性学术研讨会论文集},
}

@article{XUEZHANG-MUTATION ,
language = {chi},
author = {薛新华 and 张我华},
title = {大坝失稳的尖点突变模型分析},
journal = {中国农村水利水电},
year = {2006},
pages = {4},
keywords = {大坝 裂缝 突变理论 失稳},
abstract = {大坝及岩基的结构失稳、破坏等本身就是一种典型的突变现象.以裂缝开度时效分量的变化作为依据建立了大坝失稳的尖点突变模型,对大坝的稳定性进行了描述,并对大坝失稳的机理做了简要的分析,最后以某水电站为例,进行了建模分析,其结果与实际情况吻合较好.},
}

@article{WANGLIU-CHAO ,
language = {chi},
author = {汪树玉 and 刘国华 and 杜王盖 and 石教英 and 董峰},
title = {大坝观测数据序列中的混吨现象},
journal = {水利学报},
year = {1999},
keywords = {大坝观测数据 吸引子分维数},
abstract = {本文探讨大坝观测数据中的混沌现象.文中对坝体径向位移的实测值与残差的数据序列,分别进行相空间重构,将若干固定时间延迟点上的测量作为新维处理,形成相点,按照关联维数方法求算吸引子维数.计算中对数据进行规格化处理,所得吸引子维数为3.1～3.5.不同测点上的测值与不同起始时刻的计算结果比较接近与稳定.文中还绘制了实测值与残差序列的相轨线图,它们均与白噪声序列的轨线形状有明显不同.初步表明观测数据中存在有奇异吸引子.},
}

@article{BULKER-WALL,
title = {圆形煤仓仓壁的设计},
author = {崔健 and 罗建平},
year = {2011},
keywords = {煤仓 and 仓壁设计},
abstract = {我国煤矿、电厂、码头储存煤炭的煤仓基本上都是采用现浇混凝土筒仓,施工简单,操作方便,有较好的防火性能.其仓壁计算不仅考虑贮料对仓壁的压力,还应需要考虑贮抖与仓壁的摩擦力影响.},
annote = {北京万方数据股份有限公司},
lang = {chi},
journal = {中国新技术新产品},
}

@article{Chrzanowski-compare,
language = {English},
title = {A Comparison of Different Approaches into the Analysis of Deformation Measurements},
journal = {FIG-XVI Congress},
author = {Chrzanowski Adam},
address = {Montreux},
pages = {602},
year = {1981},
number = {8},
} 

@article{BAYESIAN-DAM,
title = {大坝监测分析中的贝叶斯动态模型},
author = {汪树玉 and 刘国华 and 刘立军},
year = {1998},
pages = {1},
annote = {北京万方数据股份有限公司},
lang = {chi},
address = {北京},
journal = {水利学报},
number = {7},
}

@article{GEHEYAN,
title = {隔河岩大坝外观变形数据的处理和分析},
author = {李征航 and 吴云孙 and 李振洪 and 李英冰},
year = {2000},
pages = {3},
keywords = {全球定位系统 and 整体平差 and 形变监测},
abstract = {提出综合采用滤波、整体平差的数据处理方法,使大坝形变监测精度得到了很大的改善.通过具体算例表明,该方法能大幅度提高大坝形变监测精度,从而验证了该方法的正确性与可行性.},
lang = {chi},
journal = {武汉测绘科技大学学报},
number = {6},
}

@article{DAM-K-BASE,
title = {基于规则与人工神经网络的大坝安全监控混合知识库研究},
author = {岳建平 and 雷伟刚},
year = {2001},
pages = {4},
keywords = {大坝 and 安全监控 and 知识库 and 规则 and 人工神经网络},
abstract = {详细介绍了大坝安全监控专家系统知识库应包含的知识内容,对知识库中的各类知识进行了系统的分析与分类.介绍了当
前专家系统知识库的构造方法及知识表示特点,根据各类知识的描述特点,研究了采用规则和人工神经网络混合表示大坝安全评判知识
的方法及知识库的物理结构,讨论了基于混合知识库的推理策略,分析了组建混合知识库应注意的若干技术问题.},
lang = {chi},
journal = {水利学报},
number = {5},
}

@article{DENOISING-WAVELET,
language = {chi},
title = {Research about non-stationary properties and de-noising of chaos signals},
journal = {2010 International Conference on Computer, Mechatronics, Control and Electronic Engineering, CMCE 2010},
author = {Nie, Chun-Yan and Wang, Zhu-Wen and Lv Yi-Sheng and Ting, Zhang},
volume = {3},
year = {2010},
pages = {77 - 80},
address = {Changchun, China},
abstract = {Chaotic signal is a non-stationary signal that has many peaks and mutations. Existence of noise influences seriously useful information to be extracted. De-noising is more necessary, especially when chaotic signals are polluted by noise. Fundamental wavelet is equal to a group of band-pass filter, different scale signals and different frequency signals are separated by different band channel. Wavelet analysis is local transformation of time and frequency, which can effectively extract information from the noise. This issue will be dealt with chaos signals. The wavelet transform was proposed to removal the noise from chaotic signals in order to detect chaotic signals. copy; 2010 IEEE.},
key = {Wavelet transforms},
keywords = {Bandpass filters;Mechatronics;Wavelet analysis;},
} 

@article{OVERSAMPLED-ICA,
language = {chi},
title = {A uniform oversampled filter bank approach to independent component analysis},
journal = {Proceedings of 2003 International Conference on Neural Networks and Signal Processing, ICNNSP'03},
author = {Park, Hyung-Min and Oh, Sang-Hoon and Lee, Soo-Young},
volume = {2},
year = {2003},
pages = {1354 - 1357},
address = {Nanjing, China},
abstract = {We present a new approach to perform independent component analysis (ICA) for convolved mixtures. This approach is based on filter banks, and a simplified network efficiently performs ICA with decimated signals in each subband. Decimation provides much less computational complexity and faster convergence speed than the time domain approach. Futhermore, the approach does not have a performance limitation of the frequency domain approach, and it is able to select the number of filters in the filter bank regardless of reverberation. With an oversampled filter bank, adaptive parameters can be adjusted without any information of other subbands, and the approach is suitable for parallel processing. We verify the effectiveness of the filter bank approach through simulations on adaptive noise cancelling. copy; 2003 IEEE.},
key = {Filter banks},
keywords = {Blind source separation;Computational complexity;Frequency domain analysis;Independent component analysis;Neural networks;Signal processing;Time domain analysis;},
} 
